@online{amazon2024,
  author = {{Amazon Web Services}},
  title = {¿Qué es una red neuronal?},
  url = {https://aws.amazon.com/es/what-is/neural-networko/},
  urldate = {2025-05-14}
}

@online{elementosIA,
  author = {{Elementos de IA}},
  title = {Introducción a las redes neuronales},
  url = {https://course.elementsofai.com/es/5/2},
  urldate = {2025-05-14}
}

@manual{ibmspss,
  author = {{IBM}},
  title = {Nodos Spark},
  organization = {IBM SPSS Modeler Documentation},
  url = {https://www.ibm.com/docs/es/spss-modeler/saas?topic=help-spark-nodes},
  urldate = {2025-05-14}
}

@online{nvidia,
  author = {{NVIDIA}},
  title = {A Data Scientist's Guide to Gradient Descent and Backpropagation Algorithms},
  url = {https://developer.nvidia.com/blog/a-data-scientists-guide-to-gradient-descent-and-backpropagation-algorithms/},
  urldate = {2025-05-14}
}

@online{sanchez,
  author = {Sánchez, Fernando},
  title = {Redes Neuronales},
  organization = {CS-US Blog},
  url = {https://www.cs.us.es/~fsancho/Blog/posts/Redes_Neuronales/},
  urldate = {2025-05-14}
}
@misc{openai2025,
  author = {{OpenAI}},
  title = {ChatGPT},
  year = {2025},
  note = {Modelo de lenguaje de inteligencia artificial},
  url = {https://chat.openai.com}
}

@misc{anthropic2025,
  author = {{Anthropic}},
  title = {Claude},
  year = {2025},
  note = {Modelo de lenguaje de inteligencia artificial},
  url = {https://www.anthropic.com/claude}
}
@online{datacamp_redes,
  author = {{DataCamp}},
  title = {Propagación hacia delante en redes neuronales: Guía completa},
  url = {https://www.datacamp.com/},
  organization = {DataCamp},
  language = {spanish}
}

@article{kipf2016semi,
  author = {Kipf, Thomas N. and Welling, Max},
  title = {Semi-Supervised Classification with Graph Convolutional Networks},
  journal = {arXiv preprint arXiv:1609.02907},
  year = {2016},
  url = {https://arxiv.org/abs/1609.02907},
}

@article{zhou2020graph,
  author = {Zhou, Jie and Cui, Ganqu and Hu, Zhengyan and Zhang, Cheng and Yang, Shu and Liu, Zhiyuan and Wang, Lifeng and Li, Changcheng and Sun, Maosong},
  title = {Graph Neural Networks: A Review of Methods and Applications},
  journal = {AI Open},
  year = {2020},
  publisher = {ScienceDirect},
  url = {https://www.sciencedirect.com/science/article/pii/S2666651021000012?via%3Dihub},
}
@misc{carlosloria,
  author       = {{carlosloria-saenz6760}},
  title        = {carlosloria-saenz6760 [Canal de YouTube]},
  year         = {2011},
  note         = {Canal de YouTube},
  howpublished = {\url{https://www.youtube.com/@carlosloria-saenz6760}},
  url          = {https://www.youtube.com/@carlosloria-saenz6760},
  urldate      = {2025-05-23}
}
